@book{leetopological,
	author = "John M. Lee",
	title = "Introduction to Topological Manifolds",
	year = "2011",
	isbn = "978-1-4419-7939-1",
	publisher = "Springer",
	pagetotal = "433",
	edition = "2",
    doi = "10.1007/978-1-4419-7940-7"
}

@book{willard,
	author = "Stephen Willard",
	title = "General Topology",
	year = "1970",
	publisher = "Addison-Wesley Publishing Company, Inc.",
	pagetotal = "369"
}

@book{munkres,
	author = "James R. Munkres",
	title = "Topology",
	year = "2000",
	isbn = "0-13-181629-2",
	publisher = "Prentice Hall, Inc.",
	pagetotal = "537",
	edition = "2"
}

@misc{pirttimäki2019,
	title = "A survey of Kolmogorov quotients", 
	author = "Teemu Pirttimäki",
	year = "2019",
	eprint = "1905.01157",
	archivePrefix = "arXiv"
}

@book{folland2007,
	author = "Gerald B. Folland",
	title = "Real Analysis: Modern Techniques and Their Applications",
	year = "2007",
	isbn = "0-471-31716-0",
	publisher = "Wiley",
	pagetotal = "386",
	edition = "2"
}